<record><leader>00000cas a22000007a 4500</leader><controlfield tag="001">11956109</controlfield><controlfield tag="008">850424d19001938utucr ne      0    0eng d</controlfield><datafield ind1=" " ind2=" " tag="010"><subfield code="a">sn 85058108 </subfield></datafield><datafield ind1=" " ind2=" " tag="040"><subfield code="a">UNP</subfield><subfield code="b">eng</subfield><subfield code="c">UNP</subfield><subfield code="d">OCLCQ</subfield><subfield code="d">KRTAS</subfield><subfield code="d">UBY</subfield><subfield code="d">OCLCQ</subfield><subfield code="d">OCLCF</subfield><subfield code="d">OCLCO</subfield></datafield><datafield ind1=" " ind2=" " tag="042"><subfield code="a">msc</subfield></datafield><datafield ind1=" " ind2=" " tag="043"><subfield code="a">n-us-ut</subfield></datafield><datafield ind1="0" ind2=" " tag="130"><subfield code="a">Box Elder news (Brigham City, Utah : 1900)</subfield></datafield><datafield ind1="1" ind2="4" tag="245"><subfield code="a">The Box Elder news.</subfield></datafield><datafield ind1=" " ind2=" " tag="260"><subfield code="a">Brigham City, Utah :</subfield><subfield code="b">H. Standing &amp; S.C. Wixom,</subfield><subfield code="c">-1938.</subfield></datafield><datafield ind1=" " ind2=" " tag="300"><subfield code="a">v. :</subfield><subfield code="b">ill. ;</subfield><subfield code="c">54 cm.</subfield></datafield><datafield ind1=" " ind2=" " tag="310"><subfield code="a">Semiweekly,</subfield><subfield code="b">1916-1938</subfield></datafield><datafield ind1=" " ind2=" " tag="321"><subfield code="a">Weekly,</subfield><subfield code="b">&lt;1902-1916&gt;</subfield></datafield><datafield ind1="1" ind2=" " tag="362"><subfield code="a">Began in 1900?</subfield></datafield><datafield ind1="0" ind2=" " tag="362"><subfield code="a">-v. 42, no. 31 (July 15, 1938).</subfield></datafield><datafield ind1=" " ind2=" " tag="500"><subfield code="a">"Peach Day Edition" issued annually in Sept., 1908-1912.</subfield></datafield><datafield ind1=" " ind2=" " tag="580"><subfield code="a">Continues: Box Elder County news (non-extant?).</subfield></datafield><datafield ind1=" " ind2=" " tag="580"><subfield code="a">Merged with: Daily Box Elder journal, and: Saturday morning advertiser, to form: News-journal (Brigham City, Utah).</subfield></datafield><datafield ind1=" " ind2=" " tag="588"><subfield code="a">Description based on: Vol. 8, no. 1 (Apr. 17, 1902).</subfield></datafield><datafield ind1=" " ind2="0" tag="651"><subfield code="a">Box Elder County (Utah)</subfield><subfield code="v">Newspapers.</subfield></datafield><datafield ind1=" " ind2="0" tag="651"><subfield code="a">Brigham City (Utah)</subfield><subfield code="v">Newspapers.</subfield></datafield><datafield ind1=" " ind2="7" tag="655"><subfield code="a">Newspapers.</subfield><subfield code="2">fast</subfield><subfield code="0">(OCoLC)fst01423814</subfield></datafield><datafield ind1=" " ind2="7" tag="651"><subfield code="a">Utah</subfield><subfield code="z">Box Elder County.</subfield><subfield code="2">fast</subfield><subfield code="0">(OCoLC)fst01218055</subfield></datafield><datafield ind1=" " ind2="7" tag="651"><subfield code="a">Utah</subfield><subfield code="z">Brigham City.</subfield><subfield code="2">fast</subfield><subfield code="0">(OCoLC)fst01208648</subfield></datafield><datafield ind1=" " ind2=" " tag="752"><subfield code="a">United States</subfield><subfield code="b">Utah</subfield><subfield code="c">Box Elder</subfield><subfield code="d">Brigham City.</subfield></datafield><datafield ind1="1" ind2="0" tag="780"><subfield code="t">Box Elder County news</subfield></datafield><datafield ind1="1" ind2="7" tag="785"><subfield code="t">Daily Box Elder journal</subfield><subfield code="w">(DLC)sn 85058110</subfield><subfield code="w">(OCoLC)11956150</subfield></datafield><datafield ind1="1" ind2="7" tag="785"><subfield code="t">Saturday morning advertiser</subfield><subfield code="w">(DLC)sn 85058111</subfield><subfield code="w">(OCoLC)11956168</subfield></datafield><datafield ind1="1" ind2="7" tag="785"><subfield code="t">News-journal (Brigham City, Utah)</subfield><subfield code="w">(DLC)sn 85058112</subfield><subfield code="w">(OCoLC)11956181</subfield></datafield><datafield ind1=" " ind2=" " tag="938"><subfield code="a">Kirtas Technologies, Inc.</subfield><subfield code="b">KRTS</subfield><subfield code="n">739138</subfield></datafield></record>